@inproceedings{qu2019user,
  title={User intent prediction in information-seeking conversations},
  author={Qu, Chen and Yang, Liu and Croft, W Bruce and Zhang, Yongfeng and Trippas, Johanne R and Qiu, Minghui},
  booktitle={Proceedings of the 2019 Conference on Human Information Interaction and Retrieval},
  pages={25--33},
  year={2019}
}